@Book{xie2015,
  title = {Dynamic Documents with {R} and knitr},
  author = {Yihui Xie},
  publisher = {Chapman and Hall/CRC},
  address = {Boca Raton, Florida},
  year = {2015},
  edition = {2nd},
  note = {ISBN 978-1498716963},
  url = {http://yihui.org/knitr/},
}

@book{wackerly,
  title={Mathematical statistics with applications},
  author={Wackerly, Dennis and Mendenhall, William and Scheaffer, Richard L},
  year={2014},
  publisher={Cengage Learning}
}

@article{boghossian2014inference,
  title={What is inference?},
  author={Boghossian, Paul},
  journal={Philosophical studies},
  volume={169},
  number={1},
  pages={1--18},
  year={2014},
  publisher={Springer}
}
